@article{vaseline,
  author  = {Rushton, Ruth and Steinberg, Hannah and Tinson, Christine},
  title   = {Effects of a single experience on subsequent reactions to drugs},
  journal = {British journal of Pharmacology and Chemotherapy},
  year    = 1963,
  number  = 20,
  pages   = {99-105},
}

@article{photographicpaper,
  author  = {Luis de Medinaceli and William J. Freed and Richard Jed Wyatt}, 
  title   = {An index of the functional condition of rat sciatic nerve based on measurements made from walking tracks},
  journal = {Experimental Neurology},
  year    = 1982,
  number  = 77,
  pages   = {634-643},
}

@article{agatha,
  author  = {Leroy, Toon
and Silva, Mitchell
and D'Hooge, Rudi
and Aerts, Jean-Marie
and Berckmans, Daniel.}, 
  title   = {Automated gait analysis in the open-filed test for laboratory mice},
  journal = {Behavior Research Methods},
  year    = 2009,
  number  = 41,
  pages   = {148-153},
}

@article{agatha2,
  author  = {Kloefkorn, Heidi E.
and Pettengill, Travis R.
and Turner, Sara M. F.
and Streeter, Kristi A.
and Gonzalez-Rothi, Elisa J.
and Fuller, David D.
and Allen, Kyle D.}, 
  title   = {Automated Gait Analysis Through Hues and Areas (AGATHA): A method to characterize the spatiotemporal pattern of rat gait},
  journal = {Annals of Biomedical Engineering},
  year    = 2017,
  number  = 3,
  pages   = {711-725},
  volume = 45
}

@article{dijkstra,
  author  = {Jeroen R. Dijkstra and Marcel F. Meek and Peter H. Robinson and Albert Gramsbergen}, 
  title   = {Methods to evaluate functional nerve recovery in adult rats: walking track analysis, video analysis and the withdrawal reflex},
  journal = {Journal of neuroscience methods},
  year    = 2000,
  number  = 96,
  pages   = {89-96},
}

@article{BAUMAN,
title = "High-speed X-ray video demonstrates significant skin movement errors with standard optical kinematics during rat locomotion",
journal = "Journal of Neuroscience Methods",
volume = "186",
number = "1",
pages = "18 - 24",
year = "2010",
issn = "0165-0270",
author = "Jay M. Bauman and Young-Hui Chang"
}

@article{OA1,
title = "Tibial Osteotomy as a Mechanical Model of Primary Osteoarthritis in Rats",
journal = "Scientific reports",
volume = "8",
number = "5132",
pages = "1-8",
year = "2018",
author = "David Britzman and Ibidumo Igah and Theofano Eftaxiopoulou and Warren Macdonald and Anthony M. J. Bull "
}

@article{OA2,
title = "Destabilization of the medial meniscus leads to subchondral bone defects and site-specific cartilage degeneration in an experimental rat model",
journal = "Osteoarthritis and Cartilage",
volume = "22",
number = "7",
pages = "1036 - 1043",
year = "2014",
issn = "1063-4584",
doi = "https://doi.org/10.1016/j.joca.2014.05.009",
url = "http://www.sciencedirect.com/science/article/pii/S1063458414010887",
author = "H. Iijima and T. Aoyama and A. Ito and J. Tajino and M. Nagai and X. Zhang and S. Yamaguchi and H. Akiyama and H. Kurokii",
}

@article{rabbitOA,
author = {S. B. Goodman and J. Lee and R. L. Smith and J. C. Csongradi and V. L. Fornasier},
title = {Mechanical Overload of a Single Compartment Induces Early Degenerative Changes in the Rabbit Knee: A Preliminary Study},
journal = {Journal of Investigative Surgery},
volume = {4},
number = {2},
pages = {161-170},
year  = {1991}
}

@article{DMM,
title = "The surgical destabilization of the medial meniscus (DMM) model of osteoarthritis in the 129/SvEv mouse",
journal = "Osteoarthritis and Cartilage",
volume = "15",
number = "9",
pages = "1061 - 1069",
year = "2007",
issn = "1063-4584",
doi = "https://doi.org/10.1016/j.joca.2007.03.006",
url = "http://www.sciencedirect.com/science/article/pii/S1063458407001100",
author = "S.S. Glasson and T.J. Blanchet and E.A. Morris",
keywords = "Animal models, Cartilage, Mouse, Surgery, Instability, Knee, Histology",
}