






@article{rabbitOA,
author = {S. B. Goodman and J. Lee and R. L. Smith and J. C. Csongradi and V. L. Fornasier},
title = {Mechanical Overload of a Single Compartment Induces Early Degenerative Changes in the Rabbit Knee: A Preliminary Study},
journal = {Journal of Investigative Surgery},
volume = {4},
number = {2},
pages = {161-170},
year  = {1991},
publisher = {Taylor & Francis},
doi = {10.3109/08941939109140776},

URL = { 
        https://doi.org/10.3109/08941939109140776
    
},
eprint = { 
        https://doi.org/10.3109/08941939109140776
    
}

}


